@article{Gordon+1993,
    author          = {N. G. Gordon and D. J. Salmond and A. F. M. Smith},
    title           = {Novel Approach to Nonlinear/Non-Gaussian Bayesian State Estimation},
    year            = {1993},
    journal         = {IEE Proceedings-F},
    volume          = {140},
    number          = {2},
    pages           = {107-113},
    url             = {https://digital-library.theiet.org/content/journals/10.1049/ip-f-2.1993.0015},
}

@inproceedings{Kitagawa1993,
    author          = {Genshiro Kitagawa},
    year            = {1993},
    title           = {A Monte Carlo Filtering and Smoothing Method for Non-Gaussian Nonlinear State Space Methods},
    booktitle       = {Proceedings of the 2nd U.S.-Japan Joint Seminar on Statistical Time Series Analysis. Honolulu, Hawaii, January},
    pages           = {25-29},
    url             = {https://www.ism.ac.jp/~kitagawa/1993_US-Japan.pdf}
}

@book{Chopin-Papaspiliopoulos20-SMC,
    author         = {Nicolas Chopin and Omiros Papaspiliopoulos},
    title          = {An Introduction to Sequential Monte Carlo},
    year           = {2020},
    publisher      = {Springer Cham},
    series         = {Springer Series in Statistics},
    url            = {https://link.springer.com/book/10.1007/978-3-030-47845-2},
}

@article{Chopin+2022,
    author          = {Nicolas Chopin and Sumeetpal S. Singh and Tom√°s Soto and Matti Vihola},
    journal         = {The Annals of Statistics},
    number          = {6},
    title           = {On Resampling Schemes for Particle Filter with Weakly Informative Observations},
    volume          = {50},
    year            = {2022},
    pages           = {3197-3222},
    url             = {https://projecteuclid.org/journals/annals-of-statistics/volume-50/issue-6/On-resampling-schemes-for-particle-filters-with-weakly-informative-observations/10.1214/22-AOS2222.short},
}

@article{DelMoral+2006,
    author          = {Pierre Del{\ }Moral and Arnaud Doucet and Ajay Jasra},
    journal         = {Journal of the Royal Statistical Society: Series B (Statistical Methodology)},
    number          = {3},
    title           = {Sequential Monte Carlo Samplers},
    volume          = {68},
    year            = {2006},
    pages           = {411-436},
    url             = {https://www.jstor.org/stable/3879283},
}