@unpublished{Doucet2010-ConditionalGaussianSimulation,
    author = {Arnaud Doucet},
    note   = {},
    title  = {A Note on Efficient Conditional Simulation of Gaussian Distributions},
    year   = {2010}
}

@article{Hoffman-Ribak1991,
    author          = {Y. Hoffman and E. Ribak},
    journal         = {The Astrophysical Journal},
    number          = {},
    title           = {Constrained Realizations of Gaussian Fields - A Simple Algorithm},
    volume          = {380},
    year            = {1991}
}