@inbook{Howard-Matheson1984,
    author          = {Ronald A. Howard and James E. Matheson},
    chapter        = {Influence Diagrams},
    editor         = {},
    pages          = {721-762},
    publisher      = {SDG Decision Systems},
    title          = {},
    year           = {1984}
}

@book{Diestel2017,
    author         = {Reinhard Diestel},
    year           = {2017},
    title          = {Graph Theory},
    series         = {Graduate Texts in Mathematics},
    volume         = {173},
    edition        = {5},
    url            = {https://link.springer.com/book/10.1007/978-3-662-53622-3},
    publisher      = {Springer Berlin Heidelberg}
}

@book{Preston,
    author         = {Christopher J. Preston},
    year           = {1974},
    title          = {Gibbs States on Countable Sets},
    series         = {Cambdirge Tracts in Mathematics},
    volume         = {68},
    edition        = {},
    url            = {https://www.cambridge.org/core/books/gibbs-states-on-countable-sets/970A88C66DA6E06BA1828142B3399272},
    publisher      = {Cambridge University Press}
}

@book{Kindermann-Snell1980,
    author         = {Ross Kindermann and J. Laurie Snell},
    year           = {1980},
    title          = {Markov Random Fields and Their Applications},
    series         = {},
    volume         = {},
    edition        = {},
    url            = {https://www.ams.org/books/conm/001/},
    publisher      = {American Mathematical Society}
}

@unpublished{Hammersley-Clifford1971,
    author = {J. Hammersley and P. Clifford},
    year   = {1971},
    title  = {Markov Fields on Finite Graphs and Lattices},
    url    = {https://ora.ox.ac.uk/objects/uuid:4ea849da-1511-4578-bb88-6a8d02f457a6}
}

@book{Baxter1982,
    author         = {Rodney J. Baxter},
    year           = {1982},
    title          = {Exactly Solved Models in Statistical Mechanics},
    series         = {},
    volume         = {},
    edition        = {},
    url            = {https://physics.anu.edu.au/research/ftp/mpg/baxter_book.php},
    publisher      = {Academic Press}
}
@book{Kittel2018,
    author         = {Charles Kittel},
    year           = {2018},
    title          = {Introduction to Solid State Physics},
    series         = {},
    volume         = {},
    edition        = {8},
    url            = {https://www.wiley.com/en-ie/Kittel%27s+Introduction+to+Solid+State+Physics%2C+Global+Edition%2C+8th+Edition-p-9781119454168},
    publisher      = {John Wiley}
}

@book{Huebener2019,
    author         = {Rudolf P. Huebener},
    year           = {2019},
    title          = {Conductors, Semiconductors, Superconductors: An Introduction to Solid-State Physics},
    series         = {Undergraduate Lecture Notes in Physics},
    volume         = {},
    edition        = {3},
    url            = {https://link-springer-com.utokyo.idm.oclc.org/book/10.1007/978-3-030-31420-0},
    publisher      = {Springer Cham}
}

@book{戸田+2011,
    author         = {戸田盛和 and 斎藤信彦 and 久保亮五 and 橋爪夏樹},
    year           = {2011},
    title          = {統計物理学},
    series         = {現代物理学の基礎},
    volume         = {5},
    edition        = {新装版},
    url            = {https://www.iwanami.co.jp/book/b259545.html},
    publisher      = {岩波書店}
}

@book{Gibbs1902,
    author         = {Josiah Willard Gibbs},
    year           = {1902},
    title          = {Elementary Principles in Statistical Mechanics: Developed with Especial Reference to the Rational Foundation of Thermodynamics},
    series         = {},
    volume         = {},
    edition        = {},
    url            = {},
    publisher      = {Charles Scribner's Sons}
}

@article{Weiss1907,
    author          = {Pierre Weiss},
    year            = {1907},
    title           = {L'hypothèse du champ moléculaire et la propriété ferromagnétique},
    journal         = {Journal of Physics: Theories and Applications},
    volume          = {6},
    number          = {1},
    pages           = {661-690},
    url             = {https://hal.science/jpa-00241247/en}
}

@inbook{Villani-Mouhot2015,
    author         = {Cédric Villani and Clément Mouhot},
    chapter        = {Kinetic Theory},
    editor         = {Nicholas J. Higham},
    pages          = {},
    publisher      = {Princeton University Press},
    title          = {The Princeton Companion to Applied Mathematics},
    year           = {2015},
    url            = {https://press.princeton.edu/books/hardcover/9780691150390/the-princeton-companion-to-applied-mathematics},
}

@inbook{Villani2002,
    author         = {Cédric Villani},
    chapter        = {A Review of Mathemaical Topics in Collisional Kinetic Theory},
    editor         = {S. Friedlander and D. Serre},
    pages          = {71-305},
    publisher      = {North-Holland, Amsterdam},
    title          = {Handbook of Mathematical Fluid Dynamics},
    volume         = {I},
    year           = {2002},
    url            = {https://www.sciencedirect.com/science/article/abs/pii/S1874579202800040?via%3Dihub},
}