@article{DelMoral-Horton2023-EnKF,
    author          = {Pierre Del{\ }Moral and Emma Horton},
    journal         = {The Annals of Applied Probability},
    number          = {2},
    title           = {A Theoretical Analysis of One-dimensional Discrete Generation Ensemble Kalman Particle Filters},
    volume          = {33},
    year            = {2023},
    pages           = {1327-1372},
}

@book{竹村彰道2020,
    author         = {竹村彰道},
    yomi           = {Akimichi Takemura},
    title          = {現代数理統計学},
    year           = {2020},
    publisher      = {学術図書},
    series         = {},
    volume         = {},
    month          = {11},
    edition        = {2},
    howpublished   = {}
}

@article{Basu55,
    author          = {Basu, Debabrata},
    title           = {On Statistics Independent of a Complete Sufficient Statistic},
    year            = {1955},
    journal         = {Sankhyā: The Indian Journal of Statistics},
    volume          = {15},
    number          = {4},
    pages           = {377-380}
}

@article{Kawata-Sakamoto49,
    author          = {Kawata, Tatsuo and Sakamoto, Heihati},
    title           = {On the characterisation of the normal population by the independence of the sample mean and the sample variance},
    year            = {1949},
    journal         = {Journal of Mathematical Society of Japan},
    volume          = {1},
    number          = {2},
    pages           = {111-115}
}

@book{草野耕一2016,
    author         = {草野耕一},
    editor         = {},
    publisher      = {有斐閣},
    title          = {数理法務のすすめ},
    year           = {2016},
    url            = {https://www.yuhikaku.co.jp/books/detail/9784641125889}
}

@article{Kolmogorov-31,
    author          = {Kolmogorov, A.},
    year            = {1931},
    title           = {Analytical methods in probability theory},
    language        = {German},
    journal         = {Über die analytischen Methoden in der Wahrscheinlichkeitsrechnung},
    number          = {1},
    volume          = {104},
    pages           = {415-458},
    note            = {伊藤清「私はKolmogorovのこの論文（「解析的方法」）の序文にあるアイデアからヒントを得て，マルコフ過程の軌道を表す確率微分方程式を導入したが，これが私のその後の研究の方向を決めることになった．」},
}