@book{Ristic+2004,
    author         = {Branko Ristic and Sanjeev Arulampalam and Neil Gordon},
    title          = {Beyond the Kalman Filter: Particle Filters for Tracking Applications},
    year           = {2004},
    month          = {},
    publisher      = {Artech House Publishers: Boston, London},
    series         = {},
    volume         = {},
    edition        = {2},
    howpublished   = {}
}

@article{Gordon+1993,
    author          = {N. G. Gordon and D. J. Salmond and A. F. M. Smith},
    title           = {Novel Approach to Nonlinear/Non-Gaussian Bayesian State Estimation},
    year            = {1993},
    journal         = {IEE Proceedings-F},
    volume          = {140},
    number          = {2},
    pages           = {107-113}
}

@book{DoucetEds2001-SMCInPractice,
    author         = {},
    editor         = {Arnaud Doucet and Nando Freitas and Neil Gordon},
    publisher      = {Springer New York},
    title          = {Sequential Monte Carlo Methods in Practice},
    year           = {2001},
    series         = {Information Science and Statistics},
}

@book{DelMoral13-MeanFieldSimulation,
    author         = {Pierre Del{\ }Morel},
    title          = {Mean Field Simulation for Monte Carlo Integration},
    year           = {2013},
    month          = {},
    publisher      = {Chapman and Hall/CRC},
    series         = {Monographs on Statistics and Applied Probability},
    volume         = {126},
    edition        = {},
    howpublished   = {}
}

@article{DelMoral-Horton2023-EnKF,
    author          = {Pierre Del{\ }Moral and Emma Horton},
    journal         = {The Annals of Applied Probability},
    number          = {2},
    title           = {A Theoretical Analysis of One-dimensional Discrete Generation Ensemble Kalman Particle Filters},
    volume          = {33},
    year            = {2023},
    pages           = {1327-1372},
}

@book{Chopin-Papaspiliopoulos20-SMC,
    author         = {Nicolas Chopin and Omiros Papaspiliopoulos},
    title          = {An Introduction to Sequential Monte Carlo},
    year           = {2020},
    month          = {},
    publisher      = {Springer Cham},
    series         = {Springer Series in Statistics},
    volume         = {},
    edition        = {},
    howpublished   = {}
}

@article{北川1996,
    author          = {北川源四郎},
    journal         = {Journal of Computational and Graphical Statistics},
    number          = {1},
    title           = {Monte Carlo Filter and Smoother for Non-Gaussian Nonlinear State Space Models},
    volume          = {5},
    year            = {1996},
    pages           = {1-25},
    url             = {https://www.jstor.org/stable/1390750},
}

@article{Chopin2002,
    author          = {Nicolas Chopin},
    journal         = {Biometrika},
    number          = {3},
    title           = {A Sequential Particle Filter Method for Static Models},
    volume          = {89},
    year            = {2002}
}

@article{Creal2011,
    author          = {Drew Creal},
    journal         = {Econometric Reviews},
    number          = {3},
    title           = {A Survey of Sequential Monte Carlo Methods for Economics and Finance},
    volume          = {31},
    year            = {2011},
    pages           = {245-296},
    url             = {https://www.tandfonline.com/doi/full/10.1080/07474938.2011.607333},
}

@article{岡2005,
    author          = {岡兼司},
    journal         = {電子情報通信学会論文誌},
    number          = {8},
    title           = {適応的拡散制御を伴うパーティクルフィルタを用いた頭部姿勢推定システム},
    volume          = {88},
    year            = {2005},
    pages           = {1601-1613},
}

@article{矢野2014,
    author          = {矢野浩一},
    journal         = {日本統計学会誌},
    number          = {1},
    title           = {粒子フィルタの基礎と応用},
    volume          = {44},
    year            = {2014},
    pages           = {189-216},
    url             = {https://www.jstage.jst.go.jp/article/jjssj/44/1/44_189/_article/-char/ja},
}

@book{Anderson-Moore1979-OptimalFiltering,
    author         = {Brian D. O. Anderson and John B. Moore},
    title          = {Optimal Filtering},
    year           = {1979},
    month          = {},
    publisher      = {Dover Publications},
    series         = {},
    volume         = {},
    edition        = {},
    howpublished   = {}
}

@article{有本卓1970,
    author          = {有本卓},
    journal         = {計測と制御},
    number          = {8},
    title           = {カルマン・フィルタ},
    volume          = {9},
    year            = {1970},
    pages           = {590-598},
    url             = {https://www.jstage.jst.go.jp/article/sicejl1962/9/8/9_8_590/_article/-char/ja},
}

@article{Kalman1960,
    author          = {R. E. Kalman},
    journal         = {Journal of Basic Engineering},
    number          = {1},
    title           = {A New Approach to Linear Filtering and Prediction Problems},
    volume          = {82},
    year            = {1960},
    pages           = {35-45},
    url             = {https://asmedigitalcollection.asme.org/fluidsengineering/article-abstract/82/1/35/397706/A-New-Approach-to-Linear-Filtering-and-Prediction?redirectedFrom=fulltext},
}

@book{DelMoral-Penev2014,
    author         = {Pierre Del{\ }Moral and Spiridon Penev},
    title          = {Stochastic Processes},
    year           = {2014},
    month          = {},
    publisher      = {Chapman and Hall/CRC},
    series         = {},
    volume         = {},
    edition        = {},
    howpublished   = {}
}

@book{Wiener1949,
    author         = {N. Wiener},
    editor         = {},
    publisher      = {The MIT Press, Cambridge, Mass},
    title          = {Extrapolation, Interpolation \& Smoothing of Stationary Time Series},
    year           = {1949}
}

@article{Kolmogorov1941,
    author          = {A. N. Kolmogorov},
    journal         = {Bulletin de l-acad´emie des sciences de U.S.S.R., Ser. Math.},
    number          = {},
    title           = {Interpolation and Extrapolation of Stationary Sequences},
    volume          = {5},
    year            = {1941},
    pages           = {3-14},
}

@book{Bain-Crisan2009-StochasticFiltering,
    author         = {Alan Bain and Dan Crisan},
    title          = {Fundamentals of Stochsatic Filtering},
    year           = {2009},
    month          = {},
    publisher      = {Springer New York},
    edition        = {},
    howpublished   = {}
}

@article{Naesseth2015,
    author          = {Christian Naesseth and Fredrik Lindsten and Thomas Schon},
    journal         = {Proceedings of the 32nd International Conference on Machine Learning Research},
    number          = {},
    title           = {Nested Sequential Monte Carlo Methods},
    volume          = {37},
    year            = {2015},
    pages           = {1292-1301},
    url             = {https://proceedings.mlr.press/v37/naesseth15.html},
}

@article{Guarniero+2017,
    author          = {Pieralberto Guarniero and Adam M. Johansen and Anthony Lee},
    journal         = {Journal of the American Statistical Association},
    number          = {520},
    title           = {The Iterated Auxiliary Particle Filter},
    volume          = {112},
    year            = {2017},
    url             = {https://www.tandfonline.com/doi/full/10.1080/01621459.2016.1222291},
}

@article{Heng+2020,
    author          = {Jeremy Heng and Adrian N. Bishop and George Deligiannidis and Arnaud Doucet},
    journal         = {The Annals of Statistics},
    number          = {5},
    title           = {Controlled Sequential Monte Carlo},
    volume          = {48},
    year            = {2020},
    pages           = {2904-2929},
}

@article{北川源四郎1996-統計数理,
    author          = {北川源四郎},
    journal         = {統計数理},
    number          = {1},
    title           = {モンテカルロ・フィルタおよび平滑化について},
    volume          = {44},
    year            = {1996},
    pages           = {31-48},
}

@article{上野玄太2019,
    author          = {上野玄太},
    journal         = {統計数理},
    number          = {2},
    title           = {粒子フィルタとデータ同化},
    volume          = {67},
    year            = {2019},
    pages           = {241-253},
    url             = {https://www.ism.ac.jp/editsec/toukei/pdf/67-2-241.pdf},
}

@article{Shen-Vikalo2012,
    author          = {Xiaohu Shen and Haris Vikalo},
    journal         = {BMC Bioinformatics},
    number          = {160},
    title           = {ParticleCall: A Particle Filter for Base Calling in Next-Generation Sequencing Systems},
    volume          = {13},
    year            = {2012}
}

@article{Krengel+2013,
    author          = {Annette Krengel and Jan Hauth and MarjaRiitta Taskinen and Martin Adiels and Mats Jirstrand},
    journal         = {BMC Systems Biology},
    number          = {8},
    title           = {A Continuous-Time Adaptive Particle Filter for Estimations under Measurement Time Uncertainties with an Application to a Plasma-Leucine Mixed Effects Model},
    volume          = {7},
    year            = {2013}
}

@article{Yang+2023,
    author          = {Junyi Yang and Yutong Yao and Donghe Yang},
    journal         = {Journal of Marine Science and Engineering},
    number          = {7},
    title           = {Particle Filter Based on Harris Hawks Optimization Algorithm for Underwater Visual Tracking},
    volume          = {11},
    year            = {2023},
    pages           = {1456},
}

@article{Kummert+2021,
    author          = {Johannes Kummert and Alexander Schulz and Tim Redick and Nassim Ayoub and Ali Modabber and Dirk Abel and Barbara Hammer},
    journal         = {Sensors},
    number          = {6},
    title           = {Efficient Reject Options for Particle Filter Object Tracking in Medical Applications},
    volume          = {21},
    year            = {2021},
    pages           = {2114},
}

@article{Alvares+2021,
    author          = {Danilo Alvares and Carmen Armero and Anabel Forte and Nicolas Chopin},
    journal         = {Statistical Modelling},
    number          = {1-2},
    title           = {Sequential Monte Carlo Methods in Bayesian Joint Models for Longitudinal and Time-to-Event Data},
    volume          = {21},
    year            = {2021},
    pages           = {161-181},
    url             = {https://journals.sagepub.com/doi/full/10.1177/1471082X20916088},
}

@article{Ogundijo+2019,
    author          = {O. E. Ogundijo and Kaiyi Zhu and Xiaodong Wang and Dimitris Anastassiou},
    journal         = {PLoS One},
    number          = {1},
    title           = {A Sequential Monte Carlo Algorithm for Inference of Subclonal Structure in Cancer},
    volume          = {14},
    year            = {2019}
}

@article{Strovik+2023,
    author          = {Geir Strovik and Alfonso Diz-Lois Palomares and Solveig Engebretsen and Gunnar Øyvind Isaksson Rø and Kenth Engø-Monsen and Anja-Bråthen Kristoffersen and Birgitte Freiesleben de Blasio and Arnoldo Frigessi},
    journal         = {Journal of the Royal Statistical Society Series A: Statistics in Society},
    number          = {},
    title           = {A Sequential Monte Carlo Approach to Estimate a Time Varying Reproduction Number in Infectious Disease Models: the Covid-19 Case},
    volume          = {qnad043},
    year            = {2023}
}

@article{Lux2018,
    author          = {Thomas Lux},
    journal         = {Journal of Economic Dynamics and Control},
    number          = {},
    title           = {Estimation of Agent-Based Model Using Sequential Monte Carlo Methods},
    volume          = {91},
    year            = {2018},
    pages           = {391-408},
}

@unpublished{Daza-Schneider2022,
    author = {Eric J. Daza and Logan Schneider},
    note   = {},
    title  = {Model-Twin Randomization (MoTR): A Monte Carlo Method for Estimating the Within-Individual Average Treatment Effect Using Wearable Sensors},
    year   = {2022},
    url    = {https://arxiv.org/abs/2208.00739},
}

@article{Wills-Schon2023,
    author          = {Adrian G. Wills and Thomas B. Schön},
    journal         = {Annual Review of Control, Robotics, and Autonomous Systems},
    number          = {},
    title           = {Sequential Monte Carlo: A Unified Review},
    volume          = {6},
    year            = {2023},
    pages           = {159-182},
}

@article{青山友紀1986,
    author          = {青山友紀},
    journal         = {計測と制御},
    number          = {25},
    title           = {ディジタルフィルタ},
    volume          = {6},
    year            = {1986}
}

@article{NASA1985,
    author          = {Leonard A. McGee and Stanley F. Schmidt},
    journal         = {NASA Technical Memorandum},
    number          = {},
    title           = {Discovery of the Kalman Filter as a Practical Tool for Aerospace and Industry},
    volume          = {86847},
    year            = {1985}
}

@article{Julier-Uhlmann2004,
    author          = {Simon J. Julier and Jeffrey K. Uhlmann},
    journal         = {Proceedings of the IEEE},
    number          = {3},
    title           = {Unscented Filtering and Nonlinear Estimation},
    volume          = {92},
    year            = {2004},
    pages           = {401-422},
}

@article{Julier+2000,
    author          = {S. Julier and J. Uhlmann and H. F. Durrant-Whyte},
    journal         = {IEEE Transactions on Automatic Control},
    number          = {3},
    title           = {A New Method for the Nonlinear Transformation of Means and Covariances in Filters and Estimators},
    volume          = {45},
    year            = {2000},
    pages           = {477-482},
}

@article{Forney1973,
    author          = {G. D. Forney},
    journal         = {Proceedings of the IEEE},
    number          = {3},
    title           = {The Vitebi Algorithm},
    volume          = {61},
    year            = {1973},
    pages           = {268-278},
}

@article{Rabiner1989,
    author          = {L. R. Rabiner},
    journal         = {Proceedings of the IEEE},
    number          = {2},
    title           = {A Tutorial on Hidden Markov Models and Selected Applications in Speech Recognition},
    volume          = {77},
    year            = {1989},
    pages           = {257-286},
}

@article{Sorenson-Alspach1971,
    author          = {H. W. Sorenson and D. L. Alspach},
    journal         = {Automatica},
    number          = {4},
    title           = {Recursive Bayesian Estimation Using Gaussian Sums},
    volume          = {7},
    year            = {1971},
    pages           = {465-479},
}

@article{Martin+2023-history,
    author          = {Gael M. Martin and David T. Fraizier and Christian P. Robert},
    journal         = {Statistical Science},
    number          = {},
    title           = {Computing Bayes: From Then ‘Til Now},
    volume          = {Advanced Publication},
    year            = {2023},
    pages           = {1-17},
}

@article{Herbst-Schorfheide2013,
    author          = {Edward P. Herbst and Frank Schorfheide},
    journal         = {NBER Working Paper Series},
    number          = {},
    title           = {Sequential Monte Carlo Sampling for DSGE Models},
    volume          = {19152},
    year            = {2013}
}

@article{Gales-Young2007,
    author          = {Mark Gales and Steve Young},
    journal         = {Foundations and Trends in Signal Processing},
    number          = {3},
    title           = {The Application of Hidden Markov Models in Speech Recognition},
    volume          = {1},
    year            = {2007}
}

@article{Viterbi1982,
    author          = {A. J. Viterbi},
    journal         = {IEEE Transactions on Information Theory},
    number          = {},
    title           = {Error Bounds for Convolutional Codes and an Asymptotically Optimum Decoding Algorithm},
    volume          = {13},
    year            = {1982},
    pages           = {260-269},
}

@article{Baum-Eagon1967,
    author          = {Leonard E. Baum and J. A. Eagon},
    journal         = {Bulletin of the American Mathematical Society},
    number          = {3},
    title           = {An Inequality with Applications to Statistical Estimation for Probabilistic Functions of Markov Processes and to a Model for Ecology},
    volume          = {73},
    year            = {1967},
    pages           = {360-363},
}

@inproceedings{Gopalakrishnan+1989,
    author          = {Gopalakrishnan, P.S. and Kanevsky, D. and Nadas, A. and Nahamoo, D.},
    booktitle       = {IEEE Conference on Acoustics, Speech, and Signal Processing},
    editor          = {},
    title           = {A Generalization of the Baum Algorithm to Rational Objective Functions},
    year            = {1989},
    volume          = {1},
    pages           = {631-634},
}

@article{Baum-Petrie1966,
    author          = {Leonard E. Baum and Ted Petrie},
    journal         = {The Annals of Mathematical Statistics},
    number          = {6},
    title           = {Statistical Inference for Probabilistic Functions of Finite State Markov Chains},
    volume          = {37},
    year            = {1966},
    pages           = {1554-1563},
}

@article{Baker1975,
    author          = {J. Baker},
    journal         = {IEEE Transaction on Acoustics, Speech, and Signal Processing},
    number          = {1},
    title           = {The DRAGON System--An Overview},
    volume          = {23},
    year            = {1975},
    pages           = {24-29},
}

@article{Akaike1974,
    author          = {Hirotugu Akaike},
    journal         = {Annals of the Institute of Statistical Mathematics},
    number          = {},
    title           = {Markovian Representation of Stochastic Processes and Its Application to the Analysis of Autoregressive Moving Average Processes},
    volume          = {26},
    year            = {1974},
    pages           = {363-387},
    url             = {https://link.springer.com/article/10.1007/BF02479833},
}

@article{Kitagawa1998,
    author          = {Genshiro Kitagawa},
    journal         = {Journal of the American Statistical Association},
    number          = {443},
    title           = {A Self-Organizing State-Space Model},
    volume          = {93},
    year            = {1998},
    pages           = {1203-1215},
}

@article{Evensen1994,
    author          = {Geir Evensen},
    journal         = {Journal of Geophysical Research},
    number          = {C5},
    title           = {Sequential Data Assimilation with a Nonlinear Quasi-geostrophic Model Using Monte Carlo Methods to Forecast Error Statistics},
    volume          = {99},
    year            = {1994},
    pages           = {10143-10162},
}

@article{Hammersley-Morton1954,
    author          = {J. M. Hammersley and K. W. Morton},
    journal         = {Journal of the Royal Statistical Society. Series B (Methodological)},
    number          = {1},
    title           = {Poor Man's Monte Carlo},
    volume          = {16},
    year            = {1954},
    pages           = {23-38},
}

@article{Handschin-Mayne1969,
    author          = {J. E. Handschin and D. Q. Mayne},
    journal         = {International Journal of Control},
    number          = {5},
    title           = {Monte Carlo Techniques to Estimate the Conditional Expectation in Multi-Stage Non-Linear Filtering},
    volume          = {9},
    year            = {1969},
    pages           = {547-559},
}

@article{Iba2001,
    author          = {Yukito Iba},
    journal         = {人工知能学会論文誌},
    number          = {2},
    title           = {Population Monte Carlo Algorithms},
    volume          = {16},
    year            = {2001},
    pages           = {279-286},
}

@article{Crisan-Doucet2002,
    author          = {Dan Crisan and Arnaud Doucet},
    journal         = {IEEE Transactions on Signal Processing},
    number          = {3},
    title           = {A Survey of Convergence Results on Particle Filtering Methods for Practitioners},
    volume          = {50},
    year            = {2002},
    pages           = {736-746},
}

@article{Kitagawa1987,
    author          = {Genshiro Kitagawa},
    journal         = {Journal of the American Statistical Association},
    number          = {400},
    title           = {Non-Gaussian State-Space Modeling of Nonstationary Time Series},
    volume          = {82},
    year            = {1987},
    pages           = {1032-1041},
}

@article{Chopin2004,
    author          = {Nicolas Chopin},
    journal         = {The Annals of Statistics},
    number          = {6},
    title           = {Central Limit Theorem for Sequential Monte Carlo Methods and Its Application to Bayesian Inference},
    volume          = {32},
    year            = {2004},
    pages           = {2385-2411},
}

@article{Isard-Andrew1998,
    author          = {Michael Isard and Andrew},
    journal         = {International Journal of Computer Vision},
    number          = {},
    title           = {CONDENSATION--Conditional Density Propagation for Visual Tracking},
    volume          = {29},
    year            = {1998},
    pages           = {5-28},
}

@article{Johansen+2008,
    author          = {Adam M. Johansen and Arnaud Doucet and Manuel Davy},
    journal         = {Statistics and Computing},
    number          = {},
    title           = {Particle Methods for Maximum Likelihood Estimation in Latent Variable Models},
    volume          = {18},
    year            = {2008},
    pages           = {47-57},
}

@article{Schafer2013,
    author          = {Christian Schäfer},
    journal         = {AMC Transactions on Modeling and Computer Simulation},
    number          = {1},
    title           = {Particle Algorithms for Optimization on Binary Spaces},
    volume          = {12},
    year            = {2013},
    pages           = {1-25},
}

@article{Dempster+1977,
    author          = {A. P. Dempster and N. M. Laird and D. B. Rubin},
    journal         = {Journal of the Royal Statistical Society. Series B (Methodological)},
    number          = {1},
    title           = {Maximum Likelihood from Incomplete Data via the EM Algorithm},
    volume          = {39},
    year            = {1977},
    pages           = {1-22},
}

@article{DelMoral+2006,
    author          = {Pierre Del{\ }Moral and Arnaud Doucet and Ajay Jasra},
    journal         = {Journal of the Royal Statistical Society: Series B (Statistical Methodology)},
    number          = {3},
    title           = {Sequential Monte Carlo Samplers},
    volume          = {68},
    year            = {2006},
    pages           = {411-436},
    url             = {https://www.jstor.org/stable/3879283},
}

@article{Hamze-deFreitas2005,
    author          = {Frias Hamze and Nando de{\ }Freitas},
    journal         = {Advances in Neural Information Processing Systems},
    number          = {},
    title           = {Hot Coupling: A Particle Approach to Inference and Normalization on Pairwise Undirected Graphs},
    volume          = {18},
    year            = {2005}
}

@inbook{Rumelhart-McClelland1987,
    author         = {David E. Rumelhart and G. E. Hinton and R. J. Williams},
    chapter        = {Learning Internal Representations by Error Propagation},
    editor         = {David E. Rumelhart and James L. McClelland},
    pages          = {318-362},
    publisher      = {MIT Press},
    title          = {Parallel Distributed Processing: Explorations in the Microstructure of Cognition: Foundations},
    year           = {1986}
}

@article{Green-Richardson2002,
    author          = {Peter J. Green and Sylvia Richardson},
    journal         = {Journal of the American Statistical Association},
    number          = {460},
    title           = {Hidden Markov Models and Disease Mapping},
    volume          = {97},
    year            = {2002},
    pages           = {1055-1070},
}

@inproceedings{carbonetto-de-freitas-2003-cant,
    title = "Why can{'}t Jos{\'e} read? The problem of learning semantic associations in a robot environment",
    author = "Carbonetto, Peter  and
      de Freitas, Nando",
    booktitle = "Proceedings of the {HLT}-{NAACL} 2003 Workshop on Learning Word Meaning from Non-Linguistic Data",
    year = "2003",
    url = "https://aclanthology.org/W03-0608",
    pages = "54--61",
}

@article{Kirkpartick+1983,
    author          = {S. Kirkpartick and C. D. Gelatt and M. P. Vecchi},
    journal         = {Science},
    number          = {4598},
    title           = {Optimization by Simulated Annealing},
    volume          = {220},
    year            = {1983},
    pages           = {671-680},
}

@article{Behrens+2012,
    author          = {Gundula Behrens and Nial Friel and Merrilee Hurn},
    journal         = {Statistics and Computing},
    number          = {},
    title           = {Tuning Tempered Transitions},
    volume          = {22},
    year            = {2012},
    pages           = {65-78},
}

@article{Neal1996,
    author          = {Radford M. Neal},
    journal         = {Statistics and Computing},
    number          = {},
    title           = {Sampling from Multimodal Distributions Using Tempered Transitions},
    volume          = {6},
    year            = {1996},
    pages           = {353-366},
}

@inproceedings{Geyer1991,
    author          = {Charles J. Geyer},
    booktitle       = {Computing Science and Statistics: Proceedings of the 23rd Symposium on the Interface},
    editor          = {E. M. Keramidas},
    title           = {Markov Chain Monte Carlo Maximum Likelihood},
    year            = {1991},
    publisher       = {Interface Foundation},
    pages           = {156-163},
}

@article{Chopin+2022,
    author          = {Nicolas Chopin and Sumeetpal S. Singh and Tomás Soto and Matti Vihola},
    journal         = {The Annals of Statistics},
    number          = {6},
    title           = {On Resampling Schemes for Particle Filter with Weakly Informative Observations},
    volume          = {50},
    year            = {2022},
    pages           = {3197-3222},
    url             = {https://projecteuclid.org/journals/annals-of-statistics/volume-50/issue-6/On-resampling-schemes-for-particle-filters-with-weakly-informative-observations/10.1214/22-AOS2222.short},
}

@article{DelMoral-Doucet2014,
    author          = {Pierre Del{\ }Moral and Arnaud Doucet},
    journal         = {ESAIM: Proceedings and Surveys},
    number          = {},
    title           = {Particle Methods: An Introduction with Applications},
    volume          = {44},
    year            = {2014},
    pages           = {1-46},
    url             = {https://doi.org/10.1051/proc/201444001},
}

@article{Rosenbluth-Rosenbluth1955,
    author          = {Marshall N. Rosenbluth and Arianna W. Rosenbluth},
    journal         = {The Journal of Chemical Physics},
    number          = {2},
    title           = {Monte Carlo Calculation of the Average Extension of Molecular Chains},
    volume          = {23},
    year            = {1955},
    pages           = {356-359},
}

@article{Wall-Erpenbeck1959,
    author          = {F. T. Wall and J. J. Erpenbeck},
    journal         = {The Journal of Chemical Physics},
    number          = {3},
    title           = {Statistical Computation of Radii of Gyration and Mean Internal Dimensions of Polymer Molecules},
    volume          = {30},
    year            = {1959},
    pages           = {637-640},
}

@article{Grassberger1997,
    author          = {Peter Grassberger},
    journal         = {Physical Review E},
    number          = {},
    title           = {Pruned-enriched Rosenbluth method: Simulations of $\theta$-polymers of chain length up to 1 000 000},
    volume          = {56},
    year            = {1997},
    pages           = {3682-3693},
}

@article{Kremer-Binder1988,
    author          = {Kurt Kremer and Kurt Binder},
    journal         = {Computer Physics Reports},
    number          = {6},
    title           = {Monte Carlo Simulation of Lattice Models for Macromolecules},
    volume          = {7},
    year            = {1988},
    pages           = {259-310},
}

@article{Hansmann-Okamoto1999,
    author          = {Ulrich H. E. Hansmann and Yuko Okamoto},
    journal         = {Current Opinion in Structural Biology},
    number          = {2},
    title           = {New Monte Carlo Algorithms for Protein Folding},
    volume          = {9},
    year            = {1999},
    pages           = {177-183},
}

@article{Assaraf+2000,
    author          = {Roland Assaraf and Michel Caffarel and Anatole Khelif},
    journal         = {Physical Review E},
    number          = {},
    title           = {Diffusion Monte Carlo Methods with a Fixed Number of Walkers},
    volume          = {61},
    year            = {2000},
    pages           = {4566},
}

@inproceedings{Aldous-Vazirani1994,
    author          = {D. Aldous and U. Vazirani},
    booktitle       = {Proceedings 35th Annual Symposium on Foundations of Computer Science},
    editor          = {},
    title           = {"Go with the Winners" Algorithms},
    year            = {1994},
    pages           = {492-501},
}