@article{DelMoral-Horton2023-EnKF,
    author          = {Pierre Del{\ }Moral and Emma Horton},
    journal         = {The Annals of Applied Probability},
    number          = {2},
    title           = {A Theoretical Analysis of One-dimensional Discrete Generation Ensemble Kalman Particle Filters},
    volume          = {33},
    year            = {2023},
    pages           = {1327-1372},
}

@book{竹村彰道2020,
    author         = {竹村彰道},
    yomi           = {Akimichi Takemura},
    title          = {現代数理統計学},
    year           = {2020},
    publisher      = {学術図書},
    series         = {},
    volume         = {},
    month          = {11},
    edition        = {2},
    howpublished   = {}
}

@article{Basu55,
    author          = {Basu, Debabrata},
    title           = {On Statistics Independent of a Complete Sufficient Statistic},
    year            = {1955},
    journal         = {Sankhyā: The Indian Journal of Statistics},
    volume          = {15},
    number          = {4},
    pages           = {377-380}
}

@article{Kawata-Sakamoto49,
    author          = {Kawata, Tatsuo and Sakamoto, Heihati},
    title           = {On the characterisation of the normal population by the independence of the sample mean and the sample variance},
    year            = {1949},
    journal         = {Journal of Mathematical Society of Japan},
    volume          = {1},
    number          = {2},
    pages           = {111-115}
}

@book{草野耕一2016,
    author         = {草野耕一},
    editor         = {},
    publisher      = {有斐閣},
    title          = {数理法務のすすめ},
    year           = {2016},
    url            = {https://www.yuhikaku.co.jp/books/detail/9784641125889}
}

@book{McElreath20-StatisticalRethinking,
    author         = {Richard McElreath},
    title          = {Statistical Rethinking},
    year           = {2020},
    month          = {},
    publisher      = {Chapman \& Hall},
    series         = {Chapman \& Hall/CRC Texts in Statistical Science},
    volume         = {},
    edition        = {},
    howpublished   = {}
}

@article{Rubin84-ABC,
    author          = {Donald B. Rubin},
    title           = {Bayesianly Justifiable and Relevant Frequency Calculations for the Applied Statistician},
    year            = {1984},
    journal         = {the Annals of Statistics},
    volume          = {12},
    number          = {4},
    pages           = {1151-1172}
}

@book{北川敏男49-統計学の認識,
    author         = {北川敏男},
    title          = {統計学の認識},
    year           = {1949},
    month          = {9},
    publisher      = {白揚社},
    series         = {},
    volume         = {},
    edition        = {},
    howpublished   = {}
}

@book{Ghosal-vanderVaart17-NonparametricBayes,
    author         = {Subhashis Ghosal and van{\ }der{\ }Vaart, A.},
    title          = {Fundamentals of Nonparametric Bayesian Inference},
    year           = {2017},
    month          = {},
    publisher      = {Cambridge University Press},
    series         = {Cambridge Series in Statistical and Probabilistic Mathematics},
    volume         = {44},
    edition        = {},
    howpublished   = {}
}