@unpublished{Doucet2010-ConditionalGaussianSimulation,
    author = {Arnaud Doucet},
    note   = {},
    title  = {A Note on Efficient Conditional Simulation of Gaussian Distributions},
    year   = {2010},
    url    = {https://www.cs.ubc.ca/~arnaud/doucet_simulationconditionalgaussian.pdf}
}

@article{Hoffman-Ribak1991,
    author          = {Y. Hoffman and E. Ribak},
    journal         = {The Astrophysical Journal},
    number          = {},
    title           = {Constrained Realizations of Gaussian Fields - A Simple Algorithm},
    volume          = {380},
    year            = {1991}
}

@article{Evensen1994,
    author          = {Geir Evensen},
    journal         = {Journal of Geophysical Research},
    number          = {C5},
    title           = {Sequential Data Assimilation with a Nonlinear Quasi-geostrophic Model Using Monte Carlo Methods to Forecast Error Statistics},
    volume          = {99},
    year            = {1994},
    pages           = {10143-10162},
}

@article{Durbin-Koopman2002,
    author          = {J. Durbin and S. J. Koopman},
    journal         = {Biometrika},
    number          = {3},
    title           = {A Simple and Efficient Simulation Smoother for State Space Time Series Analysis},
    volume          = {89},
    year            = {2002}
}

@book{Chopin-Papaspiliopoulos20-SMC,
    author         = {Nicolas Chopin and Omiros Papaspiliopoulos},
    title          = {An Introduction to Sequential Monte Carlo},
    year           = {2020},
    month          = {},
    publisher      = {Springer Cham},
    series         = {Springer Series in Statistics},
    volume         = {},
    edition        = {},
    howpublished   = {}
}

@book{DelMoral-Penev2014,
    author         = {Pierre Del{\ }Moral and Spiridon Penev},
    title          = {Stochastic Processes},
    year           = {2014},
    month          = {},
    publisher      = {Chapman and Hall/CRC},
    series         = {},
    volume         = {},
    edition        = {},
    howpublished   = {}
}

@book{Rasmussen-Williams2006,
    author         = {C. E. Rasmussen and C. K. I. Williams},
    editor         = {},
    publisher      = {MIT Press},
    title          = {Gaussian Processes for Machine Learning},
    year           = {2006}
}

@book{Cressie1993,
    author         = {N. Cressie},
    editor         = {},
    publisher      = {New York: Wiley},
    title          = {Statistics for Spacial Data},
    year           = {1993}
}