@conference{key,
    author          = {Hirofumi Shiba},
    booktitle       = {Machine Learning Summer School},
    editor          = {},
    title           = {A Recent Development of Particle Filter},
    year            = {2024},
    url             = {https://162348.github.io/posts/2024/Particles/PF.html}
}

@misc{key,
    author       = {Hirofumi Shiba},
    howpublished = {},
    title        = {新たな MCMC を迎えるために},
    year         = {2024},
    language     = {Japanese},
}