





@article{Hinton+2006,
  author          = {Geoffrey E. Hinton and R. R. Salakhutdinov},
  journal         = {Science},
  number          = {5786},
  title           = {Reducing the Dimensionality of Data with Neural Networks},
  volume          = {313},
  year            = {2006}
}

@article{Aronszajn50-ReproducingKernels,
    author          = {N. Aronszajn},
    title           = {Theory of Reproducing Kernels},
    year            = {1950},
    journal         = {Transactions of the American Mathematical Society},
    volume          = {68},
    number          = {3},
    pages           = {337-404}
}