@article{Brouste+2014,
    author          = {Brouste, A and Fukasawa, M and Hino, H and Iacus, S and Kamatani, K and Koike, Y and Masuda, H and Nomura, R and Ogihara, T and Shimuzu, Y and Uchida, M and Yoshida, N},
    journal         = {Journal of Statistical Software},
    number          = {4},
    title           = {The YUIMA Project: A Computational Framework for Simulation and Inference of Stochastic Differential Equations},
    volume          = {57},
    year            = {2014},
    pages           = {1-51}
}

@article{Zeileis-Grothendieck2005,
    author          = {A. Zeileis and G. Grothendieck},
    journal         = {Journal of Statistical Software},
    number          = {6},
    title           = {zoo: S3 Infrastructure for Regular and Irregular Time Series},
    volume          = {14},
    year            = {2005},
    pages           = {1-27},
}

@article{Wood-Chan1994,
    author          = {A. Wood and G. Chan},
    journal         = {Journal of Computational and Graphical Statistics},
    number          = {4},
    title           = {Simulation of Stationary Gaussian Processes},
    volume          = {3},
    year            = {1994}
}

@book{Iacus2008,
    author         = {Stefano M. Iacus},
    editor         = {},
    publisher      = {Springer New York},
    title          = {Simulation and Inference for Stochastic Differential Equations: With R Examples},
    year           = {2008},
    series         = {Springer Series in Statistics},
    url            = {https://link.springer.com/book/10.1007/978-0-387-75839-8},
}

@article{Watamane1987,
    author          = {S Watanabe},
    journal         = {The Annals of Probability},
    number          = {1},
    title           = {Analysis of Wiener Functionals (Malliavin Calculus) and its Applications to Heat Kernels},
    volume          = {15},
    year            = {1987},
    pages           = {1-39},
}

@article{Yoshida1992,
    author          = {Nakahiro Yoshida},
    journal         = {Journal of the Japan Statistical Society},
    number          = {2},
    title           = {Asymptotic Expansion for Statistics Related to Small Diffusions},
    volume          = {22},
    year            = {1992},
    pages           = {139-159},
}

@article{Levy1992,
    author          = {E. Levy},
    journal         = {Journal of International Money and Finance},
    number          = {5},
    title           = {Pricing European Average Rate Currency Options},
    volume          = {11},
    year            = {1992},
    pages           = {474-491},
}

@article{Genon-Catalot-Jacod1993,
    author          = {V. Genon-Catalot and J. Jacod},
    journal         = {Ananles de l'Institut Henri Poincaré, Probabilités et Statistiques},
    number          = {1},
    title           = {On the Estimation of the Diffusion Coefficient for Multi-Dimensional Diffusion Processes},
    volume          = {29},
    year            = {1993}
}

@article{Uchida-Yoshida2012,
    author          = {M. Uchida and N. Yoshida},
    journal         = {Stochastic Processes and their Applications},
    number          = {8},
    title           = {Adaptive Estimation of an Ergodic Diffusion Process Based on Sampled Data},
    volume          = {122},
    year            = {2012},
    pages           = {2885-2924},
}

@book{Liptser-Shiryaev2001-Statistics,
    author         = {Robert S Liptser and A. N. Shiryaev},
    title          = {Statistics of Random Processes I: General Theory},
    year           = {2001},
    publisher      = {Springer Berlin, Heidelberg},
    series         = {Stochastic Modelling and Applied Probability},
    volume         = {},
    month          = {},
    edition        = {2},
    howpublished   = {Original Russian edition published by Nauka, Moscow, 1974},
    isbn           = {978-3-662-13043-8}
}

@article{Leipnik1985,
  author          = {R. B. Leipnik},
  journal         = {The ANZIAM Journal},
  number          = {3},
  title           = {A Canonical Form and Solution for the Matrix Riccati Differential Equation},
  volume          = {26},
  year            = {1985},
  pages           = {355-361},
}

@article{Kutoyants2019,
  author          = {Yury A. Kutoyants},
  journal         = {Electronic Journal of Statistics},
  number          = {2},
  title           = {On Parameter Estimation of Hidden Ergodic Ornstein-Uhlenbeck Process},
  volume          = {13},
  year            = {2019},
  pages           = {4508-4526},
}