@book{Agresti12-CategoricalData,
    author         = {Alan Agresti},
    title          = {Categorical Data Analysis},
    year           = {2012},
    month          = {11},
    publisher      = {John Wiley \& Sons, Inc.},
    series         = {Wiley Series in Probability and Statistics},
    volume         = {},
    edition        = {3},
    howpublished   = {}
}