@book{草野耕一2016,
    author         = {草野耕一},
    editor         = {},
    publisher      = {有斐閣},
    title          = {数理法務のすすめ},
    year           = {2016},
    url            = {https://www.yuhikaku.co.jp/books/detail/9784641125889}
}