@unpublished{Ghojogh+2021,
    author          = {Benyamin Ghojogh and Ali Ghodsi and Fakhri Karray and Mark Crowley},
    title           = {Reproducing Kernel Hilbert Space, Mercer's Theorem, Eigenfunctions, Nyström Method, and Use of Kernels in Machine Learning: Tutorial and Survey},
    year   = {2021},
    url             = {https://arxiv.org/abs/2106.08443}
}

@inproceedings{Boser+1992,
  author          = {Bernhard E. Boser and Isabelle M. Guyon and Vladimir N. Vapnik},
  booktitle       = {Proceedings of the fifth annual workshop on Computational Learning Theory},
  editor          = {},
  title           = {A Training Algorithm for Optimal Margin Classifiers},
  year            = {1992},
  pages           = {144-152},
}

@article{Hinton+2006,
  author          = {Geoffrey E. Hinton and R. R. Salakhutdinov},
  journal         = {Science},
  number          = {5786},
  title           = {Reducing the Dimensionality of Data with Neural Networks},
  volume          = {313},
  year            = {2006}
}

@unpublished{Tarzanagh+2023,
  author = {Davoud Ataee Tarzanagh and Tingcong Li and Christos Thrampoulidis and Samet Oymak},
  note   = {},
  title  = {Transformers as Support Vector Machines},
  year   = {2023},
  url    = {https://arxiv.org/abs/2308.16898}
}

@book{Hardle+2004,
  author         = {Wolfgang Härdle, Axel Werwatz, Marlene Müller and Stefan Sperlich},
  editor         = {},
  publisher      = {Springer Berlin, Heidelberg},
  title          = {Nonparametric and Semiparametric Models},
  year           = {2004}
}

@article{Aronszajn50-ReproducingKernels,
    author          = {N. Aronszajn},
    title           = {Theory of Reproducing Kernels},
    year            = {1950},
    journal         = {Transactions of the American Mathematical Society},
    volume          = {68},
    number          = {3},
    pages           = {337-404}
}

@article{Gonen+2011,
  author          = {Mehmet Gönen and Ethem Alpaydin},
  journal         = {Journal of Machine Learning Research},
  number          = {64},
  title           = {Multiple Kernel Learning Algorithms},
  volume          = {12},
  year            = {2011},
  pages           = {2211-2268},
}

@article{Wilson+2016,
  author          = {Andrew Gordon Wilson and Zhiting Hu and Ruslan Salakhutdinov and Eric P. Xing},
  journal         = {Proceedings of the 19th International Conference on Artificial Intelligence and Statistics},
  number          = {},
  title           = {Deep Kernel Learning},
  volume          = {51},
  year            = {2016},
  pages           = {370-378},
}