@book{Ristic+2004,
    author         = {Branko Ristic and Sanjeev Arulampalam and Neil Gordon},
    title          = {Beyond the Kalman Filter: Particle Filters for Tracking Applications},
    year           = {2004},
    month          = {},
    publisher      = {Artech House Publishers: Boston, London},
    series         = {},
    volume         = {},
    edition        = {2},
    howpublished   = {}
}

@article{Gordon+1993,
    author          = {N. G. Gordon and D. J. Salmond and A. F. M. Smith},
    title           = {Novel Approach to Nonlinear/Non-Gaussian Bayesian State Estimation},
    year            = {1993},
    journal         = {IEE Proceedings-F},
    volume          = {140},
    number          = {2},
    pages           = {107-113}
}

@book{DoucetEds2001-SMCInPractice,
    author         = {},
    editor         = {Arnaud Doucet and Nando Freitas and Neil Gordon},
    publisher      = {Springer New York},
    title          = {Sequential Monte Carlo Methods in Practice},
    year           = {2001},
    series         = {Information Science and Statistics},
}

@book{DelMoral13-MeanFieldSimulation,
    author         = {Pierre Del{\ }Morel},
    title          = {Mean Field Simulation for Monte Carlo Integration},
    year           = {2013},
    month          = {},
    publisher      = {Chapman and Hall/CRC},
    series         = {Monographs on Statistics and Applied Probability},
    volume         = {126},
    edition        = {},
    howpublished   = {}
}

@article{DelMoral-Horton2023-EnKF,
    author          = {Pierre Del{\ }Moral and Emma Horton},
    journal         = {The Annals of Applied Probability},
    number          = {2},
    title           = {A Theoretical Analysis of One-dimensional Discrete Generation Ensemble Kalman Particle Filters},
    volume          = {33},
    year            = {2023},
    pages           = {1327-1372},
}

@book{Chopin-Papaspiliopoulos20-SMC,
    author         = {Nicolas Chopin and Omiros Papaspiliopoulos},
    title          = {An Introduction to Sequential Monte Carlo},
    year           = {2020},
    month          = {},
    publisher      = {Springer Cham},
    series         = {Springer Series in Statistics},
    volume         = {},
    edition        = {},
    howpublished   = {}
}

@article{北川1996,
    author          = {源四郎 北川},
    journal         = {Journal of Computational and Graphical Statistics},
    number          = {1},
    title           = {Monte Carlo Filter and Smoother for Non-Gaussian Nonlinear State Space Models},
    volume          = {5},
    year            = {1996},
    pages           = {1-25},
}

@article{Chopin2002,
    author          = {Nicolas Chopin},
    journal         = {Biometrika},
    number          = {3},
    title           = {A Sequential Particle Filter Method for Static Models},
    volume          = {89},
    year            = {2002}
}