@article{Giesy70-FiniteValuedFinitelyAdditiveUnboundedMeasure,
    author          = {D. P. Giesy},
    title           = {A Finite-Valued Finitely Additive Unbounded Measure},
    year            = {1970},
    journal         = {The American Mathematical Monthly},
    volume          = {77},
    number          = {5},
    pages           = {508-510}
}

@book{Lang1993-Analysis,
    author         = {Serge Lang},
    title          = {Real and Functional Analysis},
    year           = {1993},
    month          = {},
    publisher      = {Springer New York},
    series         = {Graduate Texts in Mathematics},
    volume         = {142},
    edition        = {},
    howpublished   = {}
}

@book{Dunford-Schwartz1,
    author         = {Nelson Dunford and Jacob T. Schwartz},
    yomi           = {},
    title          = {Linear Operators. Part 1: General Theory},
    year           = {1958},
    publisher      = {Interscience Publishers},
    series         = {Pure and Applied Mathematics},
    volume         = {VII},
    month          = {},
    edition        = {},
    howpublished   = {}
}

@book{吉田耕作91-現代解析入門,
    author         = {藤田宏，吉田耕作},
    title          = {現代解析入門},
    year           = {1991},
    month          = {3},
    publisher      = {岩波書店},
    series         = {岩波基礎数学選書},
    volume         = {},
    edition        = {},
    howpublished   = {}
}
